<record><leader>00000cas a2200000 a 4500</leader><controlfield tag="001">11902078</controlfield><controlfield tag="008">850410d18691959iluwr ne      0    0eng c</controlfield><datafield ind1=" " ind2=" " tag="010"><subfield code="a">sn 85033362 </subfield></datafield><datafield ind1=" " ind2=" " tag="040"><subfield code="a">NPU</subfield><subfield code="b">eng</subfield><subfield code="c">NPU</subfield><subfield code="d">NVF</subfield><subfield code="d">OCLCF</subfield><subfield code="d">OCLCO</subfield></datafield><datafield ind1="1" ind2=" " tag="029"><subfield code="a">AU@</subfield><subfield code="b">000020371648</subfield></datafield><datafield ind1=" " ind2=" " tag="042"><subfield code="a">pcc</subfield></datafield><datafield ind1=" " ind2=" " tag="043"><subfield code="a">n-us-il</subfield></datafield><datafield ind1="0" ind2=" " tag="130"><subfield code="a">Atlanta Argus (Atlanta, Ill. : 1869)</subfield></datafield><datafield ind1="1" ind2="4" tag="245"><subfield code="a">The Atlanta Argus.</subfield></datafield><datafield ind1=" " ind2=" " tag="260"><subfield code="a">Atlanta, Logan County, Ill. :</subfield><subfield code="b">Albion Smith,</subfield><subfield code="c">1869-1959.</subfield></datafield><datafield ind1="2" ind2=" " tag="260"><subfield code="3">Aug. 6, 1870-July 26, 1873</subfield><subfield code="a">Atlanta, Logan County, Ill. :</subfield><subfield code="b">Albion Smith, Frank B. Mills</subfield></datafield><datafield ind1="2" ind2=" " tag="260"><subfield code="3">Aug. 2, 1873-Aug. 8, 1874</subfield><subfield code="a">Atlanta, Logan County, Ill. :</subfield><subfield code="b">A.W. Briggs</subfield></datafield><datafield ind1="2" ind2=" " tag="260"><subfield code="3">Aug. 15, 1874-&lt;Nov. 4, 1881&gt;</subfield><subfield code="a">Atlanta, Logan County, Ill. :</subfield><subfield code="b">Geo. L. Shoals</subfield></datafield><datafield ind1="2" ind2=" " tag="260"><subfield code="3">&lt;Nov. 18, 1881&gt;-July 31, 1885</subfield><subfield code="a">Atlanta, Logan County, Ill. :</subfield><subfield code="b">Horace Crihfield</subfield></datafield><datafield ind1="2" ind2=" " tag="260"><subfield code="3">Aug. 7, 1885-Mar. 30, 1951</subfield><subfield code="a">Atlanta, Logan County, Ill. :</subfield><subfield code="b">Crihfield Bros.</subfield></datafield><datafield ind1="3" ind2=" " tag="260"><subfield code="3">Apr. 6, 1951-&lt;Dec. 28, 1951&gt;</subfield><subfield code="a">Atlanta, Logan County, Ill. :</subfield><subfield code="b">Stewart Pub. Co.</subfield></datafield><datafield ind1=" " ind2=" " tag="300"><subfield code="a">v.</subfield></datafield><datafield ind1=" " ind2=" " tag="310"><subfield code="a">Weekly</subfield></datafield><datafield ind1="0" ind2=" " tag="362"><subfield code="a">Vol. 1, no. 1 (May 7, 1869)-</subfield></datafield><datafield ind1="1" ind2=" " tag="362"><subfield code="a">Ceased in Jan. 1959.</subfield></datafield><datafield ind1=" " ind2=" " tag="580"><subfield code="a">Daily fair eds.: Argus (Atlanta, Ill.), &lt;1878&gt;-1892, and: Atlanta Argus (Atlanta, Ill. : 1893), and: Atlanta daily Argus, 1895-&lt;1917&gt;.</subfield></datafield><datafield ind1=" " ind2=" " tag="580"><subfield code="a">Merged with: McLean County news (McLean, Ill.), to form: Atlanta argus-lens.</subfield></datafield><datafield ind1=" " ind2=" " tag="588"><subfield code="a">Latest issue consulted: June 12, 1953.</subfield></datafield><datafield ind1=" " ind2="0" tag="651"><subfield code="a">Atlanta (Ill.)</subfield><subfield code="v">Newspapers.</subfield></datafield><datafield ind1=" " ind2="7" tag="655"><subfield code="a">Newspapers.</subfield><subfield code="2">fast</subfield><subfield code="0">(OCoLC)fst01423814</subfield></datafield><datafield ind1=" " ind2="7" tag="651"><subfield code="a">Illinois</subfield><subfield code="z">Atlanta.</subfield><subfield code="2">fast</subfield><subfield code="0">(OCoLC)fst01291443</subfield></datafield><datafield ind1=" " ind2=" " tag="752"><subfield code="a">United States</subfield><subfield code="b">Illinois</subfield><subfield code="c">Logan</subfield><subfield code="d">Atlanta.</subfield></datafield><datafield ind1="1" ind2=" " tag="775"><subfield code="t">Argus (Atlanta, Ill.)</subfield><subfield code="w">(DLC)sn 90054543</subfield><subfield code="w">(OCoLC)21438802</subfield></datafield><datafield ind1="1" ind2=" " tag="775"><subfield code="t">Atlanta Argus (Atlanta, Ill. : 1893)</subfield><subfield code="w">(DLC)sn 90054548</subfield><subfield code="w">(OCoLC)21438891</subfield></datafield><datafield ind1="1" ind2=" " tag="775"><subfield code="t">Atlanta daily Argus</subfield><subfield code="w">(DLC)sn 90054444</subfield><subfield code="w">(OCoLC)21439010</subfield></datafield><datafield ind1="1" ind2="7" tag="785"><subfield code="t">McLean County news (McLean, Ill.)</subfield><subfield code="w">(DLC)sn 90054459</subfield><subfield code="w">(OCoLC)21437581</subfield></datafield><datafield ind1="1" ind2="7" tag="785"><subfield code="t">Atlanta argus-lens</subfield><subfield code="w">(DLC)sn 90054464</subfield><subfield code="w">(OCoLC)21438468</subfield></datafield></record>